{
  "symbol": "TCS",
  "timestamp": "2025-10-28T16:33:30.107056",
  "forensic": {
    "metadata": {
      "symbol": "TCS",
      "company_name": "TCS",
      "statement_type": "consolidated",
      "company_type": "manufacturing",
      "analysis_date": "2025-10-28T16:33:30.045326",
      "data_years": 3,
      "latest_period": "FY2024",
      "earliest_period": "FY2022",
      "multi_source_enabled": true
    },
    "data_quality": {
      "average_quality_score": 78.77777777777777,
      "validation_results": [
        {
          "valid": true,
          "quality_score": 100,
          "errors": [],
          "warnings": [],
          "passed_checks": [
            "DQC_0004: Accounting equation balanced",
            "DQC_0015: Value signs correct",
            "P&L reconciliation passed",
            "Cash flow reconciliation passed",
            "Data completeness: 90%",
            "Reasonableness checks passed"
          ],
          "data_completeness": 90.0,
          "missing_fields": [],
          "metadata": {
            "symbol": "TCS",
            "fy": "FY2024",
            "validated_at": "2025-10-28T16:33:30.045282"
          }
        },
        {
          "valid": true,
          "quality_score": 100,
          "errors": [],
          "warnings": [],
          "passed_checks": [
            "DQC_0004: Accounting equation balanced",
            "DQC_0015: Value signs correct",
            "P&L reconciliation passed",
            "Cash flow reconciliation passed",
            "Data completeness: 90%",
            "Reasonableness checks passed"
          ],
          "data_completeness": 90.0,
          "missing_fields": [],
          "metadata": {
            "symbol": "TCS",
            "fy": "FY2023",
            "validated_at": "2025-10-28T16:33:30.045302"
          }
        },
        {
          "valid": false,
          "quality_score": 36.33333333333333,
          "errors": [],
          "warnings": [
            "DQC_0004: Assets or Equity missing - cannot validate accounting equation",
            "Data completeness low: 38% (['raw_assets', 'raw_equity', 'raw_current_assets', 'raw_current_liabilities'] critical fields missing)"
          ],
          "passed_checks": [
            "DQC_0015: Value signs correct",
            "P&L reconciliation passed",
            "Cash flow reconciliation passed",
            "Reasonableness checks passed"
          ],
          "data_completeness": 38.33333333333333,
          "missing_fields": [
            "raw_assets",
            "raw_equity",
            "raw_current_assets",
            "raw_current_liabilities"
          ],
          "metadata": {
            "symbol": "TCS",
            "fy": "FY2022",
            "validated_at": "2025-10-28T16:33:30.045315"
          }
        }
      ],
      "total_errors": 0,
      "total_warnings": 2,
      "data_sources": [
        "XBRL",
        "XBRL",
        "XBRL"
      ]
    },
    "beneish_m_score": {
      "M_Score": -3.5041,
      "Is_Manipulator": false,
      "Risk_Category": "LOW",
      "Threshold": -2.22,
      "Components": {
        "DSRI": 0.0,
        "GMI": 0.9774,
        "AQI": 1.103,
        "SGI": 1.1636,
        "DEPI": 0.9394,
        "SGAI": 1.0852,
        "TATA": -0.125,
        "LVGI": 0.0
      },
      "Interpretation": [
        "DSRI < 0.9: Good receivables management",
        "AQI > 1.1: Deteriorating asset quality - possible cost capitalization",
        "TATA < 0: Negative accruals - very good earnings quality"
      ]
    },
    "altman_z_score": {
      "Z_Score": 19.8146,
      "Risk_Category": "Safe",
      "Bankruptcy_Probability": "Very Low (<10%)",
      "Model_Type": "manufacturing",
      "Safe_Threshold": 2.99,
      "Distress_Threshold": 1.81,
      "Components": {
        "X1_Working_Capital_to_Assets": 0.4567,
        "X2_Retained_Earnings_to_Assets": 0.6154,
        "X3_EBIT_to_Assets": 0.4224,
        "X4_Market_Value_to_Liabilities": 25.7185,
        "X5_Sales_to_Assets": 1.5798
      },
      "Interpretation": [
        "X1 Strong: Healthy liquidity cushion",
        "X2 Strong: Good history of profitability",
        "X3 Strong: Highly productive assets",
        "X4 Strong: Equity worth more than twice the liabilities",
        "OVERALL: Financially healthy - low bankruptcy risk"
      ]
    },
    "piotroski_f_score": {
      "F_Score": 6,
      "Max_Score": 9,
      "Strength_Category": "Moderate",
      "Investment_Quality": "Average Quality",
      "Details": {
        "ROA_Positive": {
          "score": 1,
          "value": 31.17,
          "description": "ROA is 31.17% (Positive)"
        },
        "OCF_Positive": {
          "score": 1,
          "value": 63959.0,
          "description": "Operating CF is \u20b963959.0 Cr (Positive)"
        },
        "ROA_Improvement": {
          "score": 0,
          "current": 31.17,
          "previous": 32.97,
          "change": -1.8,
          "description": "ROA declined from 32.97% to 31.17%"
        },
        "Quality_Earnings": {
          "score": 1,
          "ocf_ni_ratio": 1.4,
          "description": "OCF/NI ratio is 1.4 (Good quality)"
        },
        "Debt_Decrease": {
          "score": 0,
          "current": 9026.0,
          "previous": 5965.0,
          "change_pct": 51.32,
          "description": "Debt increased by 51.32%"
        },
        "Liquidity_Improvement": {
          "score": 1,
          "current": 2.45,
          "previous": 2.36,
          "description": "Current ratio improved from 2.36 to 2.45"
        },
        "No_Equity_Issuance": {
          "score": 1,
          "current": 3620000000,
          "previous": 3660000000,
          "change_pct": -1.09,
          "description": "No dilution (-1.09% change)"
        },
        "Margin_Improvement": {
          "score": 1,
          "current": 24.59,
          "previous": 24.04,
          "change": 0.55,
          "description": "Gross margin improved from 24.04% to 24.59%"
        },
        "Turnover_Improvement": {
          "score": 0,
          "current": 1.58,
          "previous": 1.66,
          "change_pct": -4.77,
          "description": "Asset turnover declined from 1.66 to 1.58"
        }
      },
      "Summary": {
        "strengths": [
          "ROA is 31.17% (Positive)",
          "Operating CF is \u20b963959.0 Cr (Positive)",
          "OCF/NI ratio is 1.4 (Good quality)",
          "Current ratio improved from 2.36 to 2.45",
          "No dilution (-1.09% change)",
          "Gross margin improved from 24.04% to 24.59%"
        ],
        "weaknesses": [
          "ROA declined from 32.97% to 31.17%",
          "Debt increased by 51.32%",
          "Asset turnover declined from 1.66 to 1.58"
        ],
        "overall": "Company scores 6/9, showing moderate fundamentals"
      }
    },
    "j_score": {
      "J_Score": 2,
      "Risk_Category": "Low",
      "Recommendation": "ACCEPTABLE - No major concerns",
      "Flags_Count": 1,
      "Flags": [
        {
          "year": "FY2023",
          "type": "Reserves Anomaly",
          "severity": "MEDIUM",
          "description": "Reserves increased \u20b974172 Cr vs profit \u20b939512 Cr - investigate source",
          "values": {
            "reserves_change_cr": 74172.0,
            "net_income_cr": 39512.0
          }
        }
      ],
      "Years_Analyzed": 3
    },
    "red_flags": {
      "total_flags": 1,
      "high_severity": [],
      "medium_severity": [
        {
          "type": "Sustained Margin Decline",
          "description": "Profit margins declining for 2 consecutive years - competitive pressure",
          "years_declining": 2
        }
      ],
      "low_severity": [],
      "summary": {
        "assessment": "LOW_RISK",
        "message": "1 minor red flags detected",
        "recommendation": "MONITOR - Watch identified issues but acceptable for further analysis"
      }
    },
    "composite_score": {
      "score": 43.33,
      "overall_risk": "MEDIUM",
      "scale": "0 (Best) - 100 (Worst)",
      "data_coverage": 100.0
    },
    "recommendation": {
      "action": "MONITOR",
      "rationale": "Some concerns present but not critical. Acceptable for further analysis with ongoing monitoring.",
      "composite_score": 43.33,
      "priority_actions": [
        "Track identified issues quarterly",
        "Watch for trend improvements or deterioration",
        "Conduct standard investment analysis"
      ],
      "key_concerns": []
    },
    "_loaded_data": [
      {
        "symbol": "TCS",
        "fy": "FY2024",
        "quarter": "ANNUAL",
        "year": 2024,
        "end_date": "2024-03-31",
        "revenue": 2313660000000,
        "other_income": 51710000000,
        "total_income": 2365370000000,
        "operating_expenses": 1744680000000,
        "employee_benefits": 1310260000000,
        "depreciation": 47010000000,
        "finance_costs": 7530000000,
        "interest_expense": 7530000000,
        "operating_profit": 568980000000,
        "ebitda": 665650000000,
        "ebit": 618640000000,
        "profit_before_tax": 611110000000,
        "tax_expense": 154630000000,
        "net_income": 456480000000,
        "net_profit": 456480000000,
        "cogs": 1744680000000,
        "gross_profit": 568980000000,
        "sga": 1310260000000,
        "total_assets": 1464490000000,
        "current_assets": 1129840000000,
        "non_current_assets": 334650000000,
        "fixed_assets": 93760000000,
        "ppe": 93760000000,
        "investments": 0,
        "cash": 90160000000,
        "cash_and_equivalents": 90160000000,
        "receivables": 0,
        "trade_receivables": 0,
        "inventory": 280000000,
        "total_liabilities": 1464490000000,
        "current_liabilities": 461040000000,
        "non_current_liabilities": 90260000000,
        "equity": 913190000000,
        "shareholders_equity": 913190000000,
        "share_capital": 3620000000,
        "reserves": 901270000000,
        "retained_earnings": 901270000000,
        "total_debt": 0,
        "long_term_debt": 90260000000,
        "trade_payables": 0,
        "operating_cf": 639590000000,
        "investing_cf": 1240000000,
        "financing_cf": -614050000000,
        "capex": -1240000000,
        "free_cf": 640830000000,
        "eps": 124.78999999999999,
        "dividend_per_share": 0,
        "shares_outstanding": 3620000000,
        "current_price": 2888.4,
        "market_cap": 10456008000000.0,
        "roa": 31.17,
        "roe": 49.99,
        "roce": null,
        "current_ratio": null,
        "debt_to_equity": null,
        "nopat": 462104673790.316,
        "invested_capital": 913190000000,
        "revaluation_reserve": 0,
        "raw_revenue": 2313660000000,
        "raw_other_income": 51710000000,
        "raw_total_income": 2365370000000,
        "raw_operating_expenses": 1744680000000,
        "raw_employee_benefits": 1310260000000,
        "raw_depreciation": 47010000000,
        "raw_finance_costs": 7530000000,
        "raw_operating_profit": 568980000000,
        "raw_ebitda": 665650000000,
        "raw_profit_before_tax": 611110000000,
        "raw_tax_expense": 154630000000,
        "raw_net_profit": 456480000000,
        "raw_operating_cash_flow": 639590000000,
        "raw_investing_cash_flow": 1240000000,
        "raw_financing_cash_flow": -614050000000,
        "raw_assets": 1464490000000,
        "raw_current_assets": 1129840000000,
        "raw_non_current_assets": 334650000000,
        "raw_fixed_assets": 93760000000,
        "raw_investments": null,
        "raw_cash_and_equivalents": 90160000000,
        "raw_trade_receivables": null,
        "raw_inventories": 280000000,
        "raw_equity_and_liabilities": 1464490000000,
        "raw_equity": 913190000000,
        "raw_share_capital": 3620000000,
        "raw_reserves": 901270000000,
        "raw_total_debt": null,
        "raw_current_liabilities": 461040000000,
        "raw_non_current_liabilities": 90260000000,
        "raw_trade_payables": null,
        "raw_eps": 124.78999999999999,
        "raw_dividend_per_share": 0,
        "raw_number_of_shares": 3620000000,
        "raw_book_value": 252.26,
        "data_source": "XBRL",
        "quality_score": 100,
        "data_sources": {},
        "pe": 24.87,
        "pb": 9.73,
        "ps": 15.89,
        "ev_ebitda": 58.68
      },
      {
        "symbol": "TCS",
        "fy": "FY2023",
        "quarter": "ANNUAL",
        "year": 2023,
        "end_date": "2023-03-31",
        "revenue": 1988440000000,
        "other_income": 46710000000,
        "total_income": 2035150000000,
        "operating_expenses": 1510320000000,
        "employee_benefits": 1037480000000,
        "depreciation": 42010000000,
        "finance_costs": 7180000000,
        "interest_expense": 7180000000,
        "operating_profit": 478120000000,
        "ebitda": 574020000000,
        "ebit": 532010000000,
        "profit_before_tax": 524830000000,
        "tax_expense": 129710000000,
        "net_income": 395120000000,
        "net_profit": 395120000000,
        "cogs": 1510320000000,
        "gross_profit": 478120000000,
        "sga": 1037480000000,
        "total_assets": 1198270000000,
        "current_assets": 927840000000,
        "non_current_assets": 270430000000,
        "fixed_assets": 91860000000,
        "ppe": 91860000000,
        "investments": 0,
        "cash": 14620000000,
        "cash_and_equivalents": 14620000000,
        "receivables": 0,
        "trade_receivables": 0,
        "inventory": 270000000,
        "total_liabilities": 1198270000000,
        "current_liabilities": 393240000000,
        "non_current_liabilities": 59650000000,
        "equity": 745380000000,
        "shareholders_equity": 745380000000,
        "share_capital": 3660000000,
        "reserves": 741720000000,
        "retained_earnings": 741720000000,
        "total_debt": 0,
        "long_term_debt": 59650000000,
        "trade_payables": 0,
        "operating_cf": 574870000000,
        "investing_cf": -75650000000,
        "financing_cf": -635350000000,
        "capex": 75650000000,
        "free_cf": 499220000000,
        "eps": 107.9,
        "dividend_per_share": 0,
        "shares_outstanding": 3660000000,
        "current_price": 3063.2,
        "market_cap": 11211312000000.0,
        "roa": 32.97,
        "roe": 53.01,
        "roce": null,
        "current_ratio": null,
        "debt_to_equity": null,
        "nopat": 400525486729.0361,
        "invested_capital": 745380000000,
        "revaluation_reserve": 0,
        "raw_revenue": 1988440000000,
        "raw_other_income": 46710000000,
        "raw_total_income": 2035150000000,
        "raw_operating_expenses": 1510320000000,
        "raw_employee_benefits": 1037480000000,
        "raw_depreciation": 42010000000,
        "raw_finance_costs": 7180000000,
        "raw_operating_profit": 478120000000,
        "raw_ebitda": 574020000000,
        "raw_profit_before_tax": 524830000000,
        "raw_tax_expense": 129710000000,
        "raw_net_profit": 395120000000,
        "raw_operating_cash_flow": 574870000000,
        "raw_investing_cash_flow": -75650000000,
        "raw_financing_cash_flow": -635350000000,
        "raw_assets": 1198270000000,
        "raw_current_assets": 927840000000,
        "raw_non_current_assets": 270430000000,
        "raw_fixed_assets": 91860000000,
        "raw_investments": null,
        "raw_cash_and_equivalents": 14620000000,
        "raw_trade_receivables": null,
        "raw_inventories": 270000000,
        "raw_equity_and_liabilities": 1198270000000,
        "raw_equity": 745380000000,
        "raw_share_capital": 3660000000,
        "raw_reserves": 741720000000,
        "raw_total_debt": null,
        "raw_current_liabilities": 393240000000,
        "raw_non_current_liabilities": 59650000000,
        "raw_trade_payables": null,
        "raw_eps": 107.9,
        "raw_dividend_per_share": 0,
        "raw_number_of_shares": 3660000000,
        "raw_book_value": 203.66,
        "data_source": "XBRL",
        "quality_score": 100,
        "data_sources": {}
      },
      {
        "symbol": "TCS",
        "fy": "FY2022",
        "quarter": "ANNUAL",
        "year": 2022,
        "end_date": "2022-03-31",
        "revenue": 1678930000000,
        "other_income": 60730000000,
        "total_income": 1739660000000,
        "operating_expenses": 1244720000000,
        "employee_benefits": 874740000000,
        "depreciation": 37940000000,
        "finance_costs": 5110000000,
        "interest_expense": 5110000000,
        "operating_profit": 434210000000,
        "ebitda": 537990000000,
        "ebit": 500050000000,
        "profit_before_tax": 494940000000,
        "tax_expense": 118060000000,
        "net_income": 376880000000,
        "net_profit": 376880000000,
        "cogs": 1244720000000,
        "gross_profit": 434210000000,
        "sga": 874740000000,
        "total_assets": 0,
        "current_assets": 0,
        "non_current_assets": 0,
        "fixed_assets": 0,
        "ppe": 0,
        "investments": 0,
        "cash": 0,
        "cash_and_equivalents": 0,
        "receivables": 0,
        "trade_receivables": 0,
        "inventory": 0,
        "total_liabilities": 0,
        "current_liabilities": 0,
        "non_current_liabilities": 0,
        "equity": 0,
        "shareholders_equity": 0,
        "share_capital": 3660000000,
        "reserves": 0,
        "retained_earnings": 0,
        "total_debt": 0,
        "long_term_debt": 0,
        "trade_payables": 0,
        "operating_cf": 554370000000,
        "investing_cf": -81870000000,
        "financing_cf": -419480000000,
        "capex": 81870000000,
        "free_cf": 472500000000,
        "eps": 101.82,
        "dividend_per_share": 0,
        "shares_outstanding": 3660000000,
        "current_price": 3063.2,
        "market_cap": 11211312000000.0,
        "roa": null,
        "roe": null,
        "roce": null,
        "current_ratio": null,
        "debt_to_equity": null,
        "nopat": 380771091445.42773,
        "invested_capital": 0,
        "revaluation_reserve": 0,
        "raw_revenue": 1678930000000,
        "raw_other_income": 60730000000,
        "raw_total_income": 1739660000000,
        "raw_operating_expenses": 1244720000000,
        "raw_employee_benefits": 874740000000,
        "raw_depreciation": 37940000000,
        "raw_finance_costs": 5110000000,
        "raw_operating_profit": 434210000000,
        "raw_ebitda": 537990000000,
        "raw_profit_before_tax": 494940000000,
        "raw_tax_expense": 118060000000,
        "raw_net_profit": 376880000000,
        "raw_operating_cash_flow": 554370000000,
        "raw_investing_cash_flow": -81870000000,
        "raw_financing_cash_flow": -419480000000,
        "raw_assets": null,
        "raw_current_assets": null,
        "raw_non_current_assets": null,
        "raw_fixed_assets": null,
        "raw_investments": null,
        "raw_cash_and_equivalents": null,
        "raw_trade_receivables": null,
        "raw_inventories": null,
        "raw_equity_and_liabilities": null,
        "raw_equity": null,
        "raw_share_capital": 3660000000,
        "raw_reserves": null,
        "raw_total_debt": null,
        "raw_current_liabilities": null,
        "raw_non_current_liabilities": null,
        "raw_trade_payables": null,
        "raw_eps": 101.82,
        "raw_dividend_per_share": 0,
        "raw_number_of_shares": 3660000000,
        "raw_book_value": null,
        "data_source": "XBRL",
        "quality_score": 70,
        "data_sources": {}
      }
    ]
  },
  "technical": {
    "current_price": 3084.9,
    "trend": "Weak Downtrend",
    "trend_emoji": "\ud83d\udd34",
    "ma_20": 2984.62,
    "ma_50": 3046.3319999999994,
    "ma_200": 3425.1675,
    "rsi": 62.60778677815522,
    "macd": 1.1972184182714045,
    "macd_signal": -14.553949413788155,
    "bb_upper": 3109.03232973254,
    "bb_lower": 2860.20767026746,
    "support_52w": 2866.6,
    "resistance_52w": 4494.9,
    "volume_ratio": 0.5766629871530394,
    "perf_1m": 4.311219314262528,
    "perf_3m": -1.6231902544805183,
    "perf_6m": -10.4138231450559,
    "perf_1y": -23.175196115054163,
    "volatility": 21.277352736776695,
    "last_updated": "2025-10-27"
  },
  "quarterly_financials": [
    {
      "fy": "FY2026",
      "quarter": "Q2",
      "end_date": "2025-09-30",
      "start_date": "2025-07-01",
      "is_annual": false,
      "revenue_cr": 65799.0,
      "operating_expenses_cr": 49463.0,
      "operating_profit_cr": 16336.0,
      "operating_profit_margin": 24.83,
      "depreciation_cr": 1413.0,
      "interest_cr": null,
      "pbt_cr": 16068.0,
      "tax_cr": 3937.0,
      "net_profit_cr": 12131.0,
      "eps": 33.37,
      "eps_ttm": 116.14,
      "raw_revenue": 657990000000,
      "raw_operating_expenses": 494630000000,
      "raw_operating_profit": 163360000000,
      "raw_depreciation": 14130000000,
      "raw_interest_expense": null,
      "raw_profit_before_tax": 160680000000,
      "raw_tax_expense": 39370000000,
      "raw_net_profit": 121310000000,
      "net_profit_margin": 18.44,
      "revenue_growth_yoy": 24.515555219135567,
      "revenue_growth_qoq": 3.72337910052493
    },
    {
      "fy": "FY2026",
      "quarter": "Q1",
      "end_date": "2025-06-30",
      "start_date": "2025-04-01",
      "is_annual": false,
      "revenue_cr": 63437.0,
      "operating_expenses_cr": 48118.0,
      "operating_profit_cr": 15319.0,
      "operating_profit_margin": 24.15,
      "depreciation_cr": 1361.0,
      "interest_cr": null,
      "pbt_cr": 16979.0,
      "tax_cr": 4160.0,
      "net_profit_cr": 12819.0,
      "eps": 35.27,
      "eps_ttm": 120.16,
      "raw_revenue": 634370000000,
      "raw_operating_expenses": 481180000000,
      "raw_operating_profit": 153190000000,
      "raw_depreciation": 13610000000,
      "raw_interest_expense": null,
      "raw_profit_before_tax": 169790000000,
      "raw_tax_expense": 41600000000,
      "raw_net_profit": 128190000000,
      "net_profit_margin": 20.21,
      "revenue_growth_yoy": 3.5925992455541587,
      "revenue_growth_qoq": 17.731009780450236
    },
    {
      "fy": "FY2025",
      "quarter": "Q3",
      "end_date": "2024-12-31",
      "start_date": "2024-10-01",
      "is_annual": false,
      "revenue_cr": 53883.0,
      "operating_expenses_cr": 40492.0,
      "operating_profit_cr": 13391.0,
      "operating_profit_margin": 24.85,
      "depreciation_cr": 1125.0,
      "interest_cr": null,
      "pbt_cr": 15509.0,
      "tax_cr": 3677.0,
      "net_profit_cr": 11832.0,
      "eps": 32.71,
      "eps_ttm": 132.03,
      "raw_revenue": 538830000000,
      "raw_operating_expenses": 404920000000,
      "raw_operating_profit": 133910000000,
      "raw_depreciation": 11250000000,
      "raw_interest_expense": null,
      "raw_profit_before_tax": 155090000000,
      "raw_tax_expense": 36770000000,
      "raw_net_profit": 118320000000,
      "net_profit_margin": 21.96,
      "revenue_growth_yoy": -11.059208028654902,
      "revenue_growth_qoq": -0.19818484904611963
    },
    {
      "fy": "FY2025",
      "quarter": "Q2",
      "end_date": "2024-09-30",
      "start_date": "2024-07-01",
      "is_annual": false,
      "revenue_cr": 53990.0,
      "operating_expenses_cr": 40586.0,
      "operating_profit_cr": 13404.0,
      "operating_profit_margin": 24.83,
      "depreciation_cr": 1008.0,
      "interest_cr": null,
      "pbt_cr": 16589.0,
      "tax_cr": 3595.0,
      "net_profit_cr": 12994.0,
      "eps": 35.91,
      "eps_ttm": 134.63,
      "raw_revenue": 539900000000,
      "raw_operating_expenses": 405860000000,
      "raw_operating_profit": 134040000000,
      "raw_depreciation": 10080000000,
      "raw_interest_expense": null,
      "raw_profit_before_tax": 165890000000,
      "raw_tax_expense": 35950000000,
      "raw_net_profit": 129940000000,
      "net_profit_margin": 24.07,
      "revenue_growth_yoy": 7.624838034486195,
      "revenue_growth_qoq": 2.1686473393384302
    },
    {
      "fy": "FY2025",
      "quarter": "Q1",
      "end_date": "2024-06-30",
      "start_date": "2024-04-01",
      "is_annual": false,
      "revenue_cr": 52844.0,
      "operating_expenses_cr": 39383.0,
      "operating_profit_cr": 13461.0,
      "operating_profit_margin": 25.47,
      "depreciation_cr": 969.0,
      "interest_cr": null,
      "pbt_cr": 15878.0,
      "tax_cr": 3763.0,
      "net_profit_cr": 12115.0,
      "eps": 33.48,
      "eps_ttm": 137.5,
      "raw_revenue": 528440000000,
      "raw_operating_expenses": 393830000000,
      "raw_operating_profit": 134610000000,
      "raw_depreciation": 9690000000,
      "raw_interest_expense": null,
      "raw_profit_before_tax": 158780000000,
      "raw_tax_expense": 37630000000,
      "raw_net_profit": 121150000000,
      "net_profit_margin": 22.93,
      "revenue_growth_yoy": -11.008571765379498,
      "revenue_growth_qoq": -13.705766121789114
    }
  ],
  "peer_comparison_details": {
    "TCS": {
      "fy": "FY2026",
      "quarter": "Q2",
      "end_date": "2025-09-30",
      "start_date": "2025-07-01",
      "is_annual": false,
      "revenue_cr": 65799.0,
      "operating_expenses_cr": 49463.0,
      "operating_profit_cr": 16336.0,
      "operating_profit_margin": 24.83,
      "depreciation_cr": 1413.0,
      "interest_cr": null,
      "pbt_cr": 16068.0,
      "tax_cr": 3937.0,
      "net_profit_cr": 12131.0,
      "eps": 33.37,
      "eps_ttm": 116.14,
      "raw_revenue": 657990000000,
      "raw_operating_expenses": 494630000000,
      "raw_operating_profit": 163360000000,
      "raw_depreciation": 14130000000,
      "raw_interest_expense": null,
      "raw_profit_before_tax": 160680000000,
      "raw_tax_expense": 39370000000,
      "raw_net_profit": 121310000000,
      "net_profit_margin": 18.44,
      "revenue_growth_yoy": 24.515555219135567,
      "revenue_growth_qoq": 3.72337910052493
    },
    "INFY": {
      "fy": "FY2026",
      "quarter": "Q2",
      "end_date": "2025-09-30",
      "start_date": "2025-07-01",
      "is_annual": false,
      "revenue_cr": 44490.0,
      "operating_expenses_cr": 35243.0,
      "operating_profit_cr": 9247.0,
      "operating_profit_margin": 20.78,
      "depreciation_cr": 1182.0,
      "interest_cr": null,
      "pbt_cr": 10229.0,
      "tax_cr": 2854.0,
      "net_profit_cr": 7375.0,
      "eps": 17.76,
      "eps_ttm": null,
      "raw_revenue": 444900000000,
      "raw_operating_expenses": 352430000000,
      "raw_operating_profit": 92470000000,
      "raw_depreciation": 11820000000,
      "raw_interest_expense": null,
      "raw_profit_before_tax": 102290000000,
      "raw_tax_expense": 28540000000,
      "raw_net_profit": 73750000000,
      "net_profit_margin": 16.58,
      "revenue_growth_yoy": 33.671844485172606,
      "revenue_growth_qoq": 5.229546583410204
    },
    "WIPRO": {
      "fy": "FY2026",
      "quarter": "Q2",
      "end_date": "2025-09-30",
      "start_date": "2025-07-01",
      "is_annual": false,
      "revenue_cr": 22697.3,
      "operating_expenses_cr": 19377.8,
      "operating_profit_cr": 3319.5,
      "operating_profit_margin": 14.63,
      "depreciation_cr": 691.7,
      "interest_cr": null,
      "pbt_cr": 4267.2,
      "tax_cr": 1020.0,
      "net_profit_cr": 3262.4,
      "eps": 3.1,
      "eps_ttm": null,
      "raw_revenue": 226973000000,
      "raw_operating_expenses": 193778000000,
      "raw_operating_profit": 33195000000,
      "raw_depreciation": 6917000000,
      "raw_interest_expense": null,
      "raw_profit_before_tax": 42672000000,
      "raw_tax_expense": 10200000000,
      "raw_net_profit": 32624000000,
      "net_profit_margin": 14.37,
      "revenue_growth_yoy": 34.3369358065318,
      "revenue_growth_qoq": 2.542173791258934
    }
  },
  "growth_metrics": {
    "revenue_cagr": 17.390641110099892,
    "profit_cagr": 10.054886829481058,
    "eps_cagr": 10.706557430809415,
    "book_value_cagr": 0,
    "revenue_consistent": true,
    "profit_consistent": true,
    "is_accelerating": false,
    "margin_expansion": false,
    "yoy_growth": [
      {
        "fy": "FY2024",
        "revenue_growth": 16.355534992255237,
        "profit_growth": 15.5294594047378
      },
      {
        "fy": "FY2023",
        "revenue_growth": 18.434955596719337,
        "profit_growth": 4.839736786244959
      }
    ],
    "years_analyzed": 2,
    "quality": "Medium"
  },
  "dividend_analysis": {
    "error": "Insufficient dividend history"
  },
  "earnings_quality": {
    "cash_conversion": 140.1134770417105,
    "accruals_ratio": 0,
    "days_sales_outstanding": 0.0,
    "days_inventory": 0.06310348106463352,
    "working_capital_trend": "Improving",
    "quality_score": 10,
    "assessment": "Excellent"
  },
  "peer_comparison": {
    "error": "Insufficient peer data"
  },
  "management_quality": {
    "quality_score": 7,
    "indicators": [
      "\u2705 Strong ROE (51.5%)"
    ],
    "assessment": "Good",
    "note": "Based on financial performance consistency (shareholding data not available)"
  },
  "credit_quality": {
    "total_debt": 0,
    "debt_to_equity": 0,
    "debt_to_ebitda": 0.0,
    "interest_coverage": 999,
    "debt_trend": "Declining",
    "credit_score": 10,
    "assessment": "Excellent"
  },
  "operational_efficiency": {
    "asset_turnover": 0,
    "roa": 0,
    "roce": 0,
    "efficiency_score": 0
  },
  "institutional_holdings": {
    "fii_holding_pct": 0,
    "dii_holding_pct": 0,
    "mutual_fund_holding_pct": 0,
    "trend": "Unknown",
    "quality_score": 0,
    "note": "Institutional holdings data integration pending"
  },
  "segment_performance": {
    "segments": [],
    "total_segments": 0,
    "note": "Segment-wise data not available in XBRL filings"
  },
  "red_flags": {
    "red_flags": [],
    "warnings": [],
    "total_issues": 0,
    "severity": "LOW"
  },
  "scenario_analysis": {
    "bull_case": {
      "growth_assumption": 15.082330244221588,
      "target_price": 4754.9475935333485,
      "return_pct": 54.13619869471776
    },
    "base_case": {
      "growth_assumption": 10.054886829481058,
      "target_price": 3326.884893331992,
      "return_pct": 7.844173014748995
    },
    "bear_case": {
      "growth_assumption": 5.027443414740529,
      "target_price": 2168.599861656094,
      "return_pct": -29.702750116499914
    },
    "probability_weighted": 3394.3293104633567,
    "risk_reward_ratio": 1.8225988665152268
  },
  "seasonality": {
    "quarter_stats": {
      "Q1": {
        "avg_revenue": 515728000000.0,
        "avg_profit": 105846000000.0,
        "avg_margin": 20.626
      },
      "Q2": {
        "avg_revenue": 509158333333.3333,
        "avg_profit": 106033333333.33333,
        "avg_margin": 21.023333333333337
      },
      "Q3": {
        "avg_revenue": 479086000000.0,
        "avg_profit": 105578000000.0,
        "avg_margin": 22.546
      },
      "Q4": {
        "avg_revenue": 473732500000.0,
        "avg_profit": 100677500000.0,
        "avg_margin": 21.4675
      }
    },
    "best_quarter": "Q2",
    "worst_quarter": "Q4",
    "has_seasonality": "False"
  },
  "corporate_actions": {
    "splits": [],
    "bonuses": [],
    "buybacks": [],
    "note": "Corporate actions data integration pending"
  },
  "competitive_moat": {
    "moat_score": 3,
    "indicators": [
      "\u2705 High ROE (34.3%) - pricing power"
    ],
    "strength": "None",
    "assessment": "Limited advantages"
  },
  "sector_context": null,
  "intrinsic_value": {
    "graham_number": 841.6,
    "dcf_value": 3259.11,
    "pe_based_value": 2495.8,
    "pb_based_value": 756.79,
    "average_intrinsic": 1838.32,
    "methods_used": 4,
    "shares": 3620000000
  },
  "recommendation": {
    "recommendation": "HOLD",
    "emoji": "\ud83d\udfe1",
    "score": 36,
    "reasons": [
      "\u2705 Low fraud risk (M-Score)",
      "\u2705 Low bankruptcy risk (Z-Score)",
      "\u2705 Good profit growth (10.1% CAGR)",
      "\u2705 Excellent earnings quality (10/10)",
      "\u2705 Cash conversion > 100% (140%)",
      "\u2705 Excellent financial health (low debt)",
      "\u274c Negative price trend (Weak Downtrend)",
      "\u274c Significantly overvalued (40.4% above intrinsic)"
    ]
  }
}